@online{hpffp,
    author = {Allen \& Moronuki},
    title = {Haskell Programming from First Principles},
    year= 2016,
    url  = {https://haskellbook.com/},
    urldate = {2023-09-30}
}